@article{DBLP:journals/heuristics/BackerFSKP00,
  author    = {Bruno De Backer and
               Vincent Furnon and
               Paul Shaw and
               Philip Kilby and
               Patrick Prosser},
  title     = {Solving Vehicle Routing Problems Using Constraint Programming and
               Metaheuristics},
  journal   = {J. Heuristics},
  volume    = {6},
  number    = {4},
  pages     = {501--523},
  year      = {2000},
  url       = {https://doi.org/10.1023/A:1009621410177},
  doi       = {10.1023/A:1009621410177},
  timestamp = {Thu, 18 May 2017 09:52:22 +0200},
  biburl    = {https://dblp.org/rec/journals/heuristics/BackerFSKP00.bib},
  bibsource = {dblp computer science bibliography, https://dblp.org}
}